% Encoding: UTF-8

@article{Akerlof2000,
  author    = {George A. Akerlof and Rachel E. Kranton},
  journal   = {Quarterly Journal of Economics},
  title     = {Economics and Identity},
  year      = {2000},
  month     = {aug},
  number    = {3},
  pages     = {715--753},
  volume    = {115},
  doi       = {10.1162/003355300554881},
  publisher = {Oxford University Press ({OUP})}
}

@article{Akerlof2002,
  author    = {George A Akerlof and Rachel E Kranton},
  journal   = {Journal of Economic Literature},
  title     = {Identity and Schooling: Some Lessons for the Economics of Education},
  year      = {2002},
  month     = {dec},
  number    = {4},
  pages     = {1167--1201},
  volume    = {40},
  doi       = {10.1257/.40.4.1167},
  publisher = {American Economic Association}
}

@article{Akerlof2005,
  author    = {George A Akerlof and Rachel E Kranton},
  journal   = {Journal of Economic Perspectives},
  title     = {Identity and the Economics of Organizations},
  year      = {2005},
  month     = {feb},
  number    = {1},
  pages     = {9--32},
  volume    = {19},
  doi       = {10.1257/0895330053147930},
  publisher = {American Economic Association}
}

@incollection{Altonji1999,
  author    = {Joseph G. Altonji and Rebecca M. Blank},
  booktitle = {Handbook of Labor Economics},
  publisher = {Elsevier},
  title     = {Race and gender in the labor market},
  year      = {1999},
  pages     = {3143--3259},
  doi       = {10.1016/s1573-4463(99)30039-0}
}

@article{Arcidiacono2004,
  author    = {Peter Arcidiacono},
  journal   = {Journal of Econometrics},
  title     = {Ability sorting and the returns to college major},
  year      = {2004},
  month     = {jul},
  number    = {1-2},
  pages     = {343--375},
  volume    = {121},
  doi       = {10.1016/j.jeconom.2003.10.010},
  publisher = {Elsevier {BV}}
}

@incollection{Arrow1973,
  author    = {Kenneth J. Arrow},
  booktitle = {Discrimination in Labor Markets},
  publisher = {Princeton University Press},
  title     = {The theory of discrimination},
  year      = {1973},
  month     = {dec},
  pages     = {1--33},
  doi       = {10.1515/9781400867066-003}
}

@article{Becker1985,
  author    = {Gary S. Becker},
  journal   = {Journal of Labor Economics},
  title     = {Human Capital, Effort, and the Sexual Division of Labor},
  year      = {1985},
  month     = {jan},
  number    = {1, Part 2},
  pages     = {S33--S58},
  volume    = {3},
  doi       = {10.1086/298075},
  publisher = {University of Chicago Press}
}

@article{Leonard1957,
  author    = {Richard C. Leonard and Gary S. Becker},
  journal   = {The American Catholic Sociological Review},
  title     = {The Economics of Discrimination},
  year      = {1957},
  month     = {oct},
  number    = {3},
  pages     = {276},
  volume    = {18},
  doi       = {10.2307/3708738},
  publisher = {{JSTOR}}
}

@article{Becker2010,
  author    = {Gary S Becker and William H. J Hubbard and Kevin M Murphy},
  journal   = {American Economic Review},
  title     = {The Market for College Graduates and the Worldwide Boom in Higher Education of Women},
  year      = {2010},
  month     = {may},
  number    = {2},
  pages     = {229--233},
  volume    = {100},
  doi       = {10.1257/aer.100.2.229},
  publisher = {American Economic Association}
}

@article{Yahmed2018,
  author    = {Sarra Ben Yahmed},
  journal   = {World Development},
  title     = {Formal but Less Equal. Gender Wage Gaps in Formal and Informal Jobs in Urban Brazil},
  year      = {2018},
  month     = {jan},
  pages     = {73--87},
  volume    = {101},
  doi       = {10.1016/j.worlddev.2017.08.012},
  publisher = {Elsevier {BV}}
}

@article{Benard2010,
  author    = {Stephen Benard and Shelley J. Correll},
  journal   = {Gender {\&} Society},
  title     = {Normative Discrimination and the Motherhood Penalty},
  year      = {2010},
  month     = {sep},
  number    = {5},
  pages     = {616--646},
  volume    = {24},
  doi       = {10.1177/0891243210383142},
  publisher = {{SAGE} Publications}
}

@incollection{Marianne2011,
  author    = {Marianne Bertrand},
  booktitle = {Handbook of Labor Economics},
  publisher = {Elsevier},
  title     = {New Perspectives on Gender},
  year      = {2011},
  pages     = {1543--1590},
  doi       = {10.1016/s0169-7218(11)02415-4}
}

@article{Bian2017,
  author    = {Lin Bian and Sarah-Jane Leslie and Andrei Cimpian},
  journal   = {Science},
  title     = {Gender stereotypes about intellectual ability emerge early and influence children's interests},
  year      = {2017},
  month     = {jan},
  number    = {6323},
  pages     = {389--391},
  volume    = {355},
  doi       = {10.1126/science.aah6524},
  publisher = {American Association for the Advancement of Science ({AAAS})}
}

@techreport{Blau1992,
  author    = {Francine Blau and Lawrence Kahn},
  title     = {The Gender Earnings Gap: Some International Evidence},
  year      = {1992},
  month     = {dec},
  doi       = {10.3386/w4224},
  publisher = {National Bureau of Economic Research}
}

@article{Blau2000,
  author    = {Francine Blau and Lawrence Kahn},
  journal   = {Journal of Economic Perspectives},
  title     = {Gender Differences in Pay},
  year      = {2000},
  month     = {nov},
  number    = {4},
  pages     = {75--100},
  volume    = {14},
  doi       = {10.1257/jep.14.4.75},
  publisher = {American Economic Association}
}

@article{Blau2007,
  author    = {Francine Blau and Lawrence Kahn},
  journal   = {Academy of Management Perspectives},
  title     = {The Gender Pay Gap},
  year      = {2007},
  month     = {feb},
  number    = {1},
  pages     = {7--23},
  volume    = {21},
  doi       = {10.5465/amp.2007.24286161},
  publisher = {Academy of Management}
}

@article{Blau2017,
  author    = {Francine Blau and Lawrence Kahn},
  journal   = {Journal of Economic Literature},
  title     = {The Gender Wage Gap: Extent, Trends, and Explanations},
  year      = {2017},
  month     = {sep},
  number    = {3},
  pages     = {789--865},
  volume    = {55},
  doi       = {10.1257/jel.20160995},
  publisher = {American Economic Association}
}

@article{Blinder1973,
  author    = {Alan S. Blinder},
  journal   = {The Journal of Human Resources},
  title     = {Wage Discrimination: Reduced Form and Structural Estimates},
  year      = {1973},
  number    = {4},
  pages     = {436},
  volume    = {8},
  doi       = {10.2307/144855},
  publisher = {{JSTOR}}
}

@book{Borjas2016,
  author    = {George Borjas},
  publisher = {McGraw-Hill},
  title     = {Labor economics},
  year      = {2016},
  address   = {New York, NY},
  edition   = {7th}
}

@article{Borrowman2019,
  author    = {Mary Borrowman and Stephan Klasen},
  journal   = {Feminist Economics},
  title     = {Drivers of Gendered Sectoral and Occupational Segregation in Developing Countries},
  year      = {2019},
  month     = {sep},
  number    = {2},
  pages     = {62--94},
  volume    = {26},
  doi       = {10.1080/13545701.2019.1649708},
  publisher = {Informa {UK} Limited}
}

@article{Bosch2010,
  author    = {Mariano Bosch and William F. Maloney},
  journal   = {Labour Economics},
  title     = {Comparative analysis of labor market dynamics using Markov processes: An application to informality},
  year      = {2010},
  month     = {aug},
  number    = {4},
  pages     = {621--631},
  volume    = {17},
  doi       = {10.1016/j.labeco.2010.01.005},
  publisher = {Elsevier {BV}}
}

@article{Ceci2014,
  author    = {Stephen J. Ceci and Donna K. Ginther and Shulamit Kahn and Wendy M. Williams},
  journal   = {Psychological Science in the Public Interest},
  title     = {Women in Academic Science},
  year      = {2014},
  month     = {nov},
  number    = {3},
  pages     = {75--141},
  volume    = {15},
  doi       = {10.1177/1529100614541236},
  publisher = {{SAGE} Publications}
}

@article{Cha2014,
  author    = {Youngjoo Cha and Kim A. Weeden},
  journal   = {American Sociological Review},
  title     = {Overwork and the Slow Convergence in the Gender Gap in Wages},
  year      = {2014},
  month     = {apr},
  number    = {3},
  pages     = {457--484},
  volume    = {79},
  doi       = {10.1177/0003122414528936},
  publisher = {{SAGE} Publications}
}

@article{Charles2018,
  author    = {Kerwin Kofi Charles and Jonathan Guryan and Jessica Pan},
  journal   = {{SSRN} Electronic Journal},
  title     = {The Effects of Sexism on American Women: The Role of Norms vs. Discrimination},
  year      = {2018},
  doi       = {10.2139/ssrn.3233788},
  publisher = {Elsevier {BV}}
}

@article{Charness2012,
  author    = {Gary Charness and Uri Gneezy},
  journal   = {Journal of Economic Behavior {\&} Organization},
  title     = {Strong Evidence for Gender Differences in Risk Taking},
  year      = {2012},
  month     = {jun},
  number    = {1},
  pages     = {50--58},
  volume    = {83},
  doi       = {10.1016/j.jebo.2011.06.007},
  publisher = {Elsevier {BV}}
}

@article{Clark2019,
  author    = {Shelley Clark and Caroline W. Kabiru and Sonia Laszlo and Stella Muthuri},
  journal   = {Demography},
  title     = {The Impact of Childcare on Poor Urban Women's Economic Empowerment in Africa},
  year      = {2019},
  month     = {jul},
  number    = {4},
  pages     = {1247--1272},
  volume    = {56},
  doi       = {10.1007/s13524-019-00793-3},
  publisher = {Duke University Press}
}

@article{Goldin2008,
  author  = {Claudia Goldin},
  journal = {The Library of Economics and Liberty},
  title   = {Gender gap},
  year    = {2008}
}

@article{Correll2007,
  author    = {Shelley~J. Correll and Stephen Benard and In Paik},
  journal   = {American Journal of Sociology},
  title     = {Getting a Job: Is There a Motherhood Penalty?},
  year      = {2007},
  month     = {mar},
  number    = {5},
  pages     = {1297--1339},
  volume    = {112},
  doi       = {10.1086/511799},
  publisher = {University of Chicago Press}
}

@article{Croson2009,
  author    = {Rachel Croson and Uri Gneezy},
  journal   = {Journal of Economic Literature},
  title     = {Gender Differences in Preferences},
  year      = {2009},
  month     = {may},
  number    = {2},
  pages     = {448--474},
  volume    = {47},
  doi       = {10.1257/jel.47.2.448},
  publisher = {American Economic Association}
}

@article{Boca2013,
  author    = {D. {del Boca} and C. Flinn and M. Wiswall},
  journal   = {The Review of Economic Studies},
  title     = {Household choices and child development},
  year      = {2013},
  month     = {jul},
  number    = {1},
  pages     = {137--185},
  volume    = {81},
  doi       = {10.1093/restud/rdt026},
  publisher = {Oxford University Press ({OUP})}
}

@article{England1988,
  author    = {Paula England and George Farkas and Barbara Stanek Kilbourne and Thomas Dou},
  journal   = {American Sociological Review},
  title     = {Explaining Occupational Sex Segregation and Wages: Findings from a Model with Fixed Effects},
  year      = {1988},
  month     = {aug},
  number    = {4},
  pages     = {544},
  volume    = {53},
  doi       = {10.2307/2095848},
  publisher = {{SAGE} Publications}
}

@incollection{Fortin2011,
  author    = {Nicole Fortin and Thomas Lemieux and Sergio Firpo},
  booktitle = {Handbook of Labor Economics},
  publisher = {Elsevier},
  title     = {Decomposition Methods in Economics},
  year      = {2011},
  pages     = {1--102},
  doi       = {10.1016/s0169-7218(11)00407-2}
}

@article{Fortin2005,
  author    = {N. M Fortin},
  journal   = {Oxford Review of Economic Policy},
  title     = {Gender Role Attitudes and the Labour-market Outcomes of Women across {OECD} Countries},
  year      = {2005},
  month     = {sep},
  number    = {3},
  pages     = {416--438},
  volume    = {21},
  doi       = {10.1093/oxrep/gri024},
  publisher = {Oxford University Press ({OUP})}
}

@article{Fuller1982,
  author    = {Winship C. Fuller and Charles F. Manski and David A. Wise},
  journal   = {The Journal of Human Resources},
  title     = {New Evidence on the Economic Determinants of Postsecondary Schooling Choices},
  year      = {1982},
  number    = {4},
  pages     = {477},
  volume    = {17},
  doi       = {10.2307/145612},
  publisher = {{JSTOR}}
}

@article{Gaddis2013,
  author    = {Isis Gaddis and Stephan Klasen},
  journal   = {Journal of Population Economics},
  title     = {Economic development, structural change, and women's labor force participation:},
  year      = {2013},
  month     = {oct},
  number    = {3},
  pages     = {639--681},
  volume    = {27},
  doi       = {10.1007/s00148-013-0488-2},
  publisher = {Springer Science and Business Media {LLC}}
}

@article{Gneezy2009,
  author    = {Uri Gneezy and Kenneth L. Leonard and John A. List},
  journal   = {Econometrica},
  title     = {Gender Differences in Competition: Evidence{\textbackslash}{\textbackslash} From a Matrilineal and a Patriarchal Society},
  year      = {2009},
  number    = {5},
  pages     = {1637--1664},
  volume    = {77},
  doi       = {10.3982/ecta6690},
  publisher = {The Econometric Society}
}

@article{Goldin2006,
  author    = {Claudia Goldin},
  journal   = {American Economic Review},
  title     = {The Quiet Revolution That Transformed Women{\textquotesingle}s Employment, Education, and Family},
  year      = {2006},
  month     = {apr},
  number    = {2},
  pages     = {1--21},
  volume    = {96},
  doi       = {10.1257/000282806777212350},
  publisher = {American Economic Association}
}

@article{Goldin2014,
  author    = {Claudia Goldin},
  journal   = {American Economic Review},
  title     = {A Grand Gender Convergence: Its Last Chapter},
  year      = {2014},
  month     = {apr},
  number    = {4},
  pages     = {1091--1119},
  volume    = {104},
  doi       = {10.1257/aer.104.4.1091},
  publisher = {American Economic Association}
}

@article{Goldin2002,
  author    = {Claudia Goldin and Lawrence F. Katz},
  journal   = {Journal of Political Economy},
  title     = {The Power of the Pill: Oral Contraceptives and Women's Career and Marriage Decisions},
  year      = {2002},
  month     = {aug},
  number    = {4},
  pages     = {730--770},
  volume    = {110},
  doi       = {10.1086/340778},
  publisher = {University of Chicago Press}
}

@article{Gonzalez2003,
  author    = {Kenneth P. Gonz{\'{a}}lez and Carla Stoner and Jennifer E. Jovel},
  journal   = {Journal of Hispanic Higher Education},
  title     = {Examining the Role of Social Capital in Access to College for Latinas: Toward a College Opportunity Framework},
  year      = {2003},
  month     = {apr},
  number    = {2},
  pages     = {146--170},
  volume    = {2},
  doi       = {10.1177/1538192702250620},
  publisher = {{SAGE} Publications}
}

@article{Heckman1979,
  author    = {James J. Heckman},
  journal   = {Econometrica},
  title     = {Sample Selection Bias as a Specification Error},
  year      = {1979},
  month     = {jan},
  number    = {1},
  pages     = {153},
  volume    = {47},
  doi       = {10.2307/1912352},
  publisher = {{JSTOR}}
}

@article{Hersch2002,
  author    = {Joni Hersch and Leslie S. Stratton},
  journal   = {The Journal of Human Resources},
  title     = {Housework and Wages},
  year      = {2002},
  number    = {1},
  pages     = {217},
  volume    = {37},
  doi       = {10.2307/3069609},
  publisher = {{JSTOR}}
}

@book{ILO2019,
  author    = {{International Labour Organization}},
  publisher = {{International Labour Organization}},
  title     = {A quantum leap for gender equality : for a better future of work for all},
  year      = {2019},
  url       = {https://www.ilo.org/wcmsp5/groups/public/---dgreports/---dcomm/---publ/documents/publication/wcms_674831.pdf}
}

@article{Sinning2008,
  author    = {Mathias Sinning and Markus Hahn and Thomas K. Bauer},
  journal   = {The Stata Journal: Promoting communications on statistics and Stata},
  title     = {The Blinder{\textendash}Oaxaca Decomposition for Nonlinear Regression Models},
  year      = {2008},
  month     = {dec},
  number    = {4},
  pages     = {480--492},
  volume    = {8},
  doi       = {10.1177/1536867x0800800402},
  publisher = {{SAGE} Publications}
}

@article{Klasen2015,
  author    = {Stephan Klasen and Janneke Pieters},
  journal   = {The World Bank Economic Review},
  title     = {What Explains the Stagnation of Female Labor Force Participation in Urban India?},
  year      = {2015},
  number    = {3},
  pages     = {449--478},
  volume    = {29},
  doi       = {10.1093/wber/lhv003},
  publisher = {Oxford University Press ({OUP})}
}

@article{Kleven2019,
  author    = {Henrik Kleven and Camille Landais and Jakob Egholt S{\o}gaard},
  journal   = {American Economic Journal: Applied Economics},
  title     = {Children and Gender Inequality: Evidence from {D}enmark},
  year      = {2019},
  month     = {oct},
  number    = {4},
  pages     = {181--209},
  volume    = {11},
  doi       = {10.1257/app.20180010},
  publisher = {American Economic Association}
}

@article{Macpherson1995,
  author    = {David A. Macpherson and Barry T. Hirsch},
  journal   = {Journal of Labor Economics},
  title     = {Wages and Gender Composition: Why do Women{\textquotesingle}s Jobs Pay Less?},
  year      = {1995},
  month     = {jul},
  number    = {3},
  pages     = {426--471},
  volume    = {13},
  doi       = {10.1086/298381},
  publisher = {University of Chicago Press}
}

@article{Duncan1974,
  author    = {Otis Dudley Duncan},
  journal   = {Journal of Political Economy},
  title     = {Family Investments in Human Capital: Earnings of Women: Comment},
  year      = {1974},
  month     = {mar},
  number    = {2, Part 2},
  pages     = {S109--S110},
  volume    = {82},
  doi       = {10.1086/260294},
  publisher = {University of Chicago Press}
}

@techreport{Monroy2008,
  author      = {Estela Monroy},
  institution = {Banco Mundial},
  title       = {Equidad de g{é}nero en el mercado laboral Nicaragua},
  year        = {2008},
  address     = {Washington, D.C.}
}

@article{Niederle2007,
  author    = {M. Niederle and L. Vesterlund},
  journal   = {The Quarterly Journal of Economics},
  title     = {Do Women Shy Away From Competition? Do Men Compete Too Much?},
  year      = {2007},
  month     = {aug},
  number    = {3},
  pages     = {1067--1101},
  volume    = {122},
  doi       = {10.1162/qjec.122.3.1067},
  publisher = {Oxford University Press ({OUP})}
}

@article{Nordman2016,
  author    = {Christophe J. Nordman and Faly Rakotomanana and Fran{\c{c}}ois Roubaud},
  journal   = {World Development},
  title     = {Informal versus Formal: A Panel Data Analysis of Earnings Gaps in Madagascar},
  year      = {2016},
  month     = {oct},
  pages     = {1--17},
  volume    = {86},
  doi       = {10.1016/j.worlddev.2016.05.006},
  publisher = {Elsevier {BV}}
}

@article{Oaxaca1973,
  author    = {Ronald Oaxaca},
  journal   = {International Economic Review},
  title     = {Male-Female Wage Differentials in Urban Labor Markets},
  year      = {1973},
  month     = {oct},
  number    = {3},
  pages     = {693},
  volume    = {14},
  doi       = {10.2307/2525981},
  publisher = {{JSTOR}}
}

@article{Phelps1972,
  author  = {Edmund Phelps},
  journal = {American Economic Review},
  title   = {The statistical theory of racism and sexism},
  year    = {1972},
  number  = {4},
  pages   = {659--661},
  volume  = {62}
}

@article{Reskin1993,
  author    = {Barbara Reskin},
  journal   = {Annual Review of Sociology},
  title     = {Sex Segregation in the Workplace},
  year      = {1993},
  month     = {aug},
  number    = {1},
  pages     = {241--270},
  volume    = {19},
  doi       = {10.1146/annurev.so.19.080193.001325},
  publisher = {Annual Reviews}
}

@article{Ruhm1998,
  author    = {C. J. Ruhm},
  journal   = {The Quarterly Journal of Economics},
  title     = {The Economic Consequences of Parental Leave Mandates: Lessons from Europe},
  year      = {1998},
  month     = {feb},
  number    = {1},
  pages     = {285--317},
  volume    = {113},
  doi       = {10.1162/003355398555586},
  publisher = {Oxford University Press ({OUP})}
}

@article{Ruzik2010,
  author    = {Anna Ruzik and Magdalena Rokicka},
  journal   = {{SSRN} Electronic Journal},
  title     = {The Gender Pay Gap in Informal Employment in Poland},
  year      = {2010},
  doi       = {10.2139/ssrn.1674939},
  publisher = {Elsevier {BV}}
}

@techreport{Sahoo2018,
  author      = {Soham Sahoo and Stephan Klasen},
  institution = {IZA Institute of Labor Economics},
  title       = {Gender Segregation in Education and Its Implications for Labour Market Outcomes: Evidence from India},
  year        = {2018},
  number      = {11660}
}

@article{Schneeweis2012,
  author    = {Nicole Schneeweis and Martina Zweimüller},
  journal   = {Economics of Education Review},
  title     = {Girls, girls, girls: Gender composition and female school choice},
  year      = {2012},
  month     = {aug},
  number    = {4},
  pages     = {482--500},
  volume    = {31},
  doi       = {10.1016/j.econedurev.2011.11.002},
  publisher = {Elsevier {BV}}
}

@article{SigleRushton2007,
  author    = {Wendy Sigle-Rushton and Jane Waldfogel},
  journal   = {Journal of European Social Policy},
  title     = {The incomes of families with children: a cross-national comparison},
  year      = {2007},
  month     = {nov},
  number    = {4},
  pages     = {299--318},
  volume    = {17},
  doi       = {10.1177/0958928707082474},
  publisher = {{SAGE} Publications}
}

@article{Sorensen1990,
  author    = {Elaine Sorensen},
  journal   = {The Journal of Human Resources},
  title     = {The Crowding Hypothesis and Comparable Worth},
  year      = {1990},
  number    = {1},
  pages     = {55},
  volume    = {25},
  doi       = {10.2307/145727},
  publisher = {{JSTOR}}
}

@article{Tansel2001,
  author    = {Aysit Tansel},
  journal   = {{SSRN} Electronic Journal},
  title     = {Wage Earners, Self-Employed and Gender in the Informal Sector in Turkey},
  year      = {2001},
  doi       = {10.2139/ssrn.263275},
  publisher = {Elsevier {BV}}
}

@book{ILO2018,
  author    = {{International Labour Organization}},
  publisher = {{International Labour Organization}},
  title     = {Global Wage Report 2018/19: What lies behind gender pay gaps},
  year      = {2018}
}

@article{Waldfogel1998,
  author    = {Jane Waldfogel},
  journal   = {Journal of Economic Perspectives},
  title     = {Understanding the `Family Gap' in Pay for Women with Children},
  year      = {1998},
  month     = {feb},
  number    = {1},
  pages     = {137--156},
  volume    = {12},
  doi       = {10.1257/jep.12.1.137},
  publisher = {American Economic Association}
}

@article{Weichselbaumer2005,
  author    = {Doris Weichselbaumer and Rudolf {Winter-Ebmer}},
  journal   = {Journal of Economic Surveys},
  title     = {A meta-analysis of the international gender wage gap},
  year      = {2005},
  month     = {jun},
  number    = {3},
  pages     = {479--511},
  volume    = {19},
  doi       = {10.1111/j.0950-0804.2005.00256.x},
  publisher = {Wiley}
}

@article{Williams2015,
  author    = {Wendy M. Williams and Stephen J. Ceci},
  journal   = {Proceedings of the National Academy of Sciences},
  title     = {National hiring experiments reveal 2:1 faculty preference for women on {STEM} tenure track},
  year      = {2015},
  month     = {apr},
  number    = {17},
  pages     = {5360--5365},
  volume    = {112},
  doi       = {10.1073/pnas.1418878112},
  publisher = {Proceedings of the National Academy of Sciences}
}

@article{Chafetz2004,
  author    = {Janet Saltzman Chafetz},
  journal   = {Journal of Family Issues},
  title     = {Bridging Feminist Theory and Research Methodology},
  year      = {2004},
  month     = {oct},
  number    = {7},
  pages     = {953--967},
  volume    = {25},
  doi       = {10.1177/0192513x04267098},
  publisher = {{SAGE} Publications}
}

@techreport{PNUD2014,
  author      = {{Programa de las Naciones Unidas para el Desarrollo}},
  institution = {{Programa de las Naciones Unidas para el Desarrollo}},
  title       = {El mercado laboral de Nicaraguadesde un enfoque de género},
  year        = {2014}
}

@techreport{WorldBank2012,
  author      = {{World Bank}},
  institution = {{World Bank}},
  title       = {World Development Report 2012 : Gender Equality and Development},
  year        = {2012},
  url         = {https://openknowledge.worldbank.org/handle/10986/4391}
}

@article{Mincer1974,
  author    = {Jacob Mincer and Solomon Polachek},
  journal   = {Journal of Political Economy},
  title     = {Family Investments in Human Capital: Earnings of Women},
  year      = {1974},
  month     = {mar},
  number    = {2, Part 2},
  pages     = {S76--S108},
  volume    = {82},
  doi       = {10.1086/260293},
  publisher = {University of Chicago Press}
}

@Book{Nations2008,
  author    = {{United Nations}},
  publisher = {{United Nations Publications}},
  title     = {International Standard Industrial Classification of all Economic Activities (ISIC)},
  year      = {2008},
  number    = {4},
}

@Book{BCN2009,
  author    = {{Banco Central de Nicaragua}},
  publisher = {{Banco Central de Nicaragua}},
  title     = {50 Años de Estadísticas Macroeconómicas 1960-2009},
  year      = {2009},
  address   = {Managua},
}

@Book{ILO2013,
  author    = {{International Labour Organization}},
  publisher = {{International Labour Organization}},
  title     = {Measuring informality: A statistical manual on the informal sector and informal employment},
  year      = {2013},
}

@Article{Budig2001,
  author    = {Michelle J. Budig and Paula England},
  journal   = {American Sociological Review},
  title     = {The Wage Penalty for Motherhood},
  year      = {2001},
  month     = {apr},
  number    = {2},
  pages     = {204--225},
  volume    = {66},
  doi       = {10.2307/2657415},
  publisher = {{SAGE} Publications},
}

@Article{Maloney2004,
  author    = {William F Maloney},
  journal   = {World Development},
  title     = {Informality Revisited},
  year      = {2004},
  month     = {jul},
  number    = {7},
  pages     = {1159--1178},
  volume    = {32},
  doi       = {10.1016/j.worlddev.2004.01.008},
  publisher = {Elsevier {BV}},
}

@Book{Angrist2008,
  author    = {Angrist, Joshua D and Pischke, J{\"o}rn-Steffen},
  publisher = {Princeton University Press},
  title     = {Mostly harmless econometrics: An empiricist's companion},
  year      = {2008},
}

@Article{Jann2008,
  author    = {Ben Jann},
  journal   = {The Stata Journal: Promoting communications on statistics and Stata},
  title     = {The Blinder{\textendash}Oaxaca Decomposition for Linear Regression Models},
  year      = {2008},
  month     = {dec},
  number    = {4},
  pages     = {453--479},
  volume    = {8},
  doi       = {10.1177/1536867x0800800401},
  publisher = {{SAGE} Publications},
}

@Article{Berniell2021,
  author    = {In{\'{e}}s Berniell and Lucila Berniell and Dolores de la Mata and Mar{\'{\i}}a Edo and Mariana Marchionni},
  journal   = {Journal of Development Economics},
  title     = {Gender gaps in labor informality: The motherhood effect},
  year      = {2021},
  month     = {may},
  pages     = {102599},
  volume    = {150},
  doi       = {10.1016/j.jdeveco.2020.102599},
  publisher = {Elsevier {BV}},
}

@Article{OECD1997,
  author    = {Elias, Peter},
  title     = {Occupational classification (ISCO-88): Concepts, methods, reliability, validity and cross-national comparability},
  year      = {1997},
  publisher = {OECD},
}

@InProceedings{Nichols2014,
  author    = {Nichols, Austin},
  booktitle = {Stata Conference 11, Stata Users Group},
  title     = {Measuring mobility},
  year      = {2014},
}

@Comment{jabref-meta: databaseType:bibtex;}
